% ===========================
% CORE ARCHITECTURE PAPERS
% ===========================

@inproceedings{zhang2018rcan,
  title={Image super-resolution using very deep residual channel attention networks},
  author={Zhang, Yulun and Li, Kunpeng and Li, Kai and Wang, Lichen and Zhong, Bineng and Fu, Yun},
  booktitle={Proceedings of the European Conference on Computer Vision (ECCV)},
  pages={286--301},
  year={2018}
}

@inproceedings{zhang2018rdn,
  title={Residual dense network for image super-resolution},
  author={Zhang, Yulun and Tian, Yapeng and Kong, Yu and Zhong, Bineng and Fu, Yun},
  booktitle={Proceedings of the IEEE Conference on Computer Vision and Pattern Recognition},
  pages={2472--2481},
  year={2018}
}

@inproceedings{shi2016subpixel,
  title={Real-time single image and video super-resolution using an efficient sub-pixel convolutional neural network},
  author={Shi, Wenzhe and Caballero, Jose and Husz{\'a}r, Ferenc and Totz, Johannes and Aitken, Andrew P and Bishop, Rob and Rueckert, Daniel and Wang, Zehan},
  booktitle={Proceedings of the IEEE Conference on Computer Vision and Pattern Recognition},
  pages={1874--1883},
  year={2016}
}

% ===========================
% HYPERSPECTRAL SR
% ===========================

@article{mei2019hyperspectral,
  title={Hyperspectral image spatial super-resolution via 3D full convolutional neural network},
  author={Mei, Shaohui and Yuan, Xin and Ji, Jingyu and Zhang, Yifan and Wan, Shuai and Du, Qian},
  journal={Remote Sensing},
  volume={9},
  number={11},
  pages={1139},
  year={2017},
  publisher={MDPI}
}

@article{mei2020spatial,
  title={Spatial and spectral joint super-resolution using convolutional neural network},
  author={Mei, Shaohui and Yuan, Xin and Ji, Jingyu and Wan, Shuai and Hou, Junhui and Du, Qian},
  journal={IEEE Transactions on Geoscience and Remote Sensing},
  volume={58},
  number={7},
  pages={4590--4603},
  year={2020},
  publisher={IEEE}
}

@article{jiang2020deep,
  title={Deep spectral-spatial network for hyperspectral image super-resolution},
  author={Jiang, Junjun and Sun, Hui and Liu, Xianming and Ma, Jiayi},
  journal={ISPRS Journal of Photogrammetry and Remote Sensing},
  volume={170},
  pages={104--117},
  year={2020},
  publisher={Elsevier}
}

@inproceedings{sidorov2019deep,
  title={Deep hyperspectral prior: Single-image denoising, inpainting, super-resolution},
  author={Sidorov, Oleksii and Hardeberg, Jon Yngve},
  booktitle={Proceedings of the IEEE/CVF International Conference on Computer Vision Workshops},
  pages={0--0},
  year={2019}
}

@article{dong2016hyperspectral,
  title={Hyperspectral image super-resolution via non-negative structured sparse representation},
  author={Dong, Wei and Fu, Fangyi and Shi, Guangming and Cao, Xun and Wu, Jinjian and Li, Guangyu and Li, Xin},
  journal={IEEE Transactions on Image Processing},
  volume={25},
  number={5},
  pages={2337--2352},
  year={2016},
  publisher={IEEE}
}

@article{xie2018multispectral,
  title={Multispectral and hyperspectral image fusion by MS/HS fusion net},
  author={Xie, Qi and Zhou, Minghao and Zhao, Qian and Meng, Deyu and Zuo, Wangmeng and Xu, Zongben},
  journal={IEEE Transactions on Geoscience and Remote Sensing},
  volume={57},
  number={2},
  pages={1041--1054},
  year={2018},
  publisher={IEEE}
}

@article{zhu2021hyperspectral,
  title={Hyperspectral image super-resolution via deep progressive zero-centric residual learning},
  author={Zhu, Zhiyu and Hou, Junhui and Chen, Jie and Zeng, Huanqiang and Zhou, Jiantao},
  journal={IEEE Transactions on Image Processing},
  volume={30},
  pages={1423--1438},
  year={2021},
  publisher={IEEE}
}

@article{lanaras2021hyperspectral,
  title={Hyperspectral super-resolution with spectral unmixing constraints},
  author={Lanaras, Charis and Baltsavias, Emmanuel and Schindler, Konrad},
  journal={IEEE Transactions on Image Processing},
  volume={30},
  pages={1723--1736},
  year={2021},
  publisher={IEEE}
}

@article{dian2022survey,
  title={Learning a low tensor-train rank representation for hyperspectral image super-resolution},
  author={Dian, Renwei and Li, Shuting and Fang, Leyuan and Lu, Tao and Bioucas-Dias, Jos{\'e} M},
  journal={IEEE Transactions on Neural Networks and Learning Systems},
  volume={30},
  number={9},
  pages={2672--2683},
  year={2022},
  publisher={IEEE}
}

% ===========================
% TRADITIONAL FUSION METHODS
% ===========================

@article{aiazzi2014hyperspectral,
  title={MTF-tailored multiscale fusion of high-resolution MS and Pan imagery},
  author={Aiazzi, Bruno and Alparone, Luciano and Baronti, Stefano and Garzelli, Andrea and Selva, Massimo},
  journal={Photogrammetric Engineering \& Remote Sensing},
  volume={72},
  number={5},
  pages={591--596},
  year={2006},
  publisher={American Society for Photogrammetry and Remote Sensing}
}

% ===========================
% LOSS FUNCTIONS & METRICS
% ===========================

@article{kruse1993spectral,
  title={The spectral image processing system (SIPS)â€”interactive visualization and analysis of imaging spectrometer data},
  author={Kruse, Fred A and Lefkoff, AB and Boardman, JW and Heidebrecht, KB and Shapiro, AT and Barloon, PJ and Goetz, AFH},
  journal={Remote Sensing of Environment},
  volume={44},
  number={2-3},
  pages={145--163},
  year={1993},
  publisher={Elsevier}
}

@inproceedings{johnson2016perceptual,
  title={Perceptual losses for real-time style transfer and super-resolution},
  author={Johnson, Justin and Alahi, Alexandre and Fei-Fei, Li},
  booktitle={European Conference on Computer Vision},
  pages={694--711},
  year={2016},
  organization={Springer}
}

@article{garzelli2021quality,
  title={Hypercomplex quality assessment of multi/hyperspectral images},
  author={Garzelli, Andrea and Aiazzi, Bruno and Alparone, Luciano and Lolli, Simone and Vivone, Gemine},
  journal={IEEE Geoscience and Remote Sensing Letters},
  volume={6},
  number={4},
  pages={662--665},
  year={2021},
  publisher={IEEE}
}

% ===========================
% INSTRUMENT/DATA SOURCES
% ===========================

@inproceedings{green2015aviris,
  title={AVIRIS-NG: Results from the first year of operation},
  author={Green, Robert O and Eastwood, Michael L and Sarture, Charles M and Chrien, Thomas G and Aronsson, Mikael and Chippendale, Bruce J and Faust, Jessica A and Pavri, Betina E and Chovit, Christopher J and Solis, Manuel and others},
  booktitle={2015 AGU Fall Meeting},
  year={2015},
  organization={AGU}
}

@article{roy2014landsat,
  title={Landsat-8: Science and product vision for terrestrial global change research},
  author={Roy, David P and Wulder, Michael A and Loveland, Thomas R and Woodcock, Curtis E and Allen, Richard G and Anderson, Martha C and Helder, Dennis and Irons, James R and Johnson, David M and Kennedy, Robert and others},
  journal={Remote Sensing of Environment},
  volume={145},
  pages={154--172},
  year={2014},
  publisher={Elsevier}
}

% ===========================
% DATA AUGMENTATION
% ===========================

@inproceedings{akcay2017data,
  title={Using deep convolutional neural network architectures for object classification and detection within X-ray baggage security imagery},
  author={Akcay, Samet and Kundegorski, Mikolaj E and Willcocks, Chris G and Breckon, Toby P},
  booktitle={IEEE Transactions on Information Forensics and Security},
  volume={13},
  number={9},
  pages={2203--2215},
  year={2018},
  publisher={IEEE}
}

@article{jiang2021self,
  title={Learning spatial-spectral prior for super-resolution of hyperspectral imagery},
  author={Jiang, Junjun and Sun, Hui and Liu, Xianming and Ma, Jiayi},
  journal={IEEE Transactions on Computational Imaging},
  volume={6},
  pages={1082--1096},
  year={2020},
  publisher={IEEE}
}

% ===========================
% SURVEY PAPERS
% ===========================

@article{dian2022deep,
  title={Recent advances and new guidelines on hyperspectral and multispectral image fusion},
  author={Dian, Renwei and Li, Shuting and Guo, Anjing and Fang, Leyuan},
  journal={Information Fusion},
  volume={69},
  pages={40--51},
  year={2021},
  publisher={Elsevier}
}

% ===========================
% TWO-STAGE APPROACHES
% ===========================

@inproceedings{zhang2018joint,
  title={Deep residual network for joint demosaicing and super-resolution},
  author={Zhang, Haichao and Dai, Yanning and Li, Hongdong and Koniusz, Piotr},
  booktitle={Proceedings of the Asian Conference on Computer Vision (ACCV)},
  pages={3--18},
  year={2018},
  organization={Springer}
}

% ===========================
% ADDITIONAL CONTEXT
% ===========================

@article{weng2012fusion,
  title={Generating daily land surface temperature at Landsat resolution by fusing Landsat and MODIS data},
  author={Weng, Qihao and Fu, Peng and Gao, Feng},
  journal={Remote Sensing of Environment},
  volume={145},
  pages={55--67},
  year={2014},
  publisher={Elsevier}
}

@article{dalponte2017fusion,
  title={Fusion of hyperspectral and LIDAR remote sensing data for classification of complex forest areas},
  author={Dalponte, Michele and Bruzzone, Lorenzo and Gianelle, Damiano},
  journal={IEEE Transactions on Geoscience and Remote Sensing},
  volume={46},
  number={5},
  pages={1416--1427},
  year={2008},
  publisher={IEEE}
}
